
@Article
{ref1,
author={Gaudart, Jean AND Dessay, Nadine AND Touré, Ousmane AND Fané, Moussa AND Sabatier, Philippe AND Doumbo, Ogobara},
title={Développement d'une méthodologie appliqué à l'évaluation du risque palustre au Mali},
pages={27},
organization={GICC-ACCIES}
}

@Article
{ref2,
author={Hibler, Michelle},
title={Le paludisme ne lâche pas la prise}
}

@Article
{ref3,
title={Le paludisme, le tsunami silencieux d'Afrique},
author={de Savigne, Don}
}

@Article
{ref4,
author={Machault, Vanessa AND Vignolles, Cécile AND BORCHI, François AND Vounatsou, Penelope AND Pages, Frédéric AND Briolant, Sébastien AND Lacaux, Jean-Pierre AND Rogier, Christophe},
title={The use of remotely sensed environmental data in the study of malaria},
year={2011},
journal={Geospatial Health},
pages={151-168}
}

@Article
{ref5,
title={La malaria=le paludisme},
}

@Article
{ref6,
title={qu'est-ce que le paludisme},
}

@Article
{ref7,
author={Safi, N. AND Adimi, F. AND Soebiyanto, P AND Kian, R.K.},
title={Toward Malaria risk prediction in Afghanistan using remote sensing},
year={2010},
journal={Internation Archives of the Photogrammetery, Remote Sensing and Spatial Information Science},
pages={151-168}
}

@Article
{ref8,
author={},
title={Urbanisation et Paludisme à Pikine (Sénégal)},
year={},
journal={},
pages={68-70}
}

@Article
{ref9,
author={Omumbo, J.A. AND Hay, S.I. AND Snow, R.W. AND Tatem A.J. AND Rogers, D.J.},
title={Modelling malaria risk in East Africa at high-spatial resolution},
year={2005},
month={June},
journal={Tropical Medicine and International Health},
pages={557-566}
}

@Article
{ref10,
author={Adjuik, Marin AND Bagayoko, Magaran AND Binka, Fred AND Coetzee, Maureen AND Cox, John AND Craig, Marlies AND Deichmann, Uwe AND deSavigny, Don AND Fondjo, Etienne AND Fraser, Colleen AND Gouws, Eleanor AND Kleinschmidt, Imo AND Lerardeley, Pierre AND Lengeler, Christian AND leSueur, Dave AND Omumbo, Judy AND Snow, Bob AND Sharp, Brian AND Tanser, Frank AND Teuscher, Thomas AND Touré, Yéya},
title={Towards an Atlas of Malaria Risk in Africa},
year={1998},
month={December},
organization={MARA/ARM}
}

@Article
{ref11,

}

@Article
{ref12,
author={Yomiko Vitotor, Amy AND Gilman, Robert H. AND Tielsch, James and Glass, Gregory AND Shields, Tim AND Sanchez Lozano, Wagner AND Pinedo-Cancino Viviana AND Patz Jonathan A.},
title={The effect of deforestation on the human-biting rate of anopheles darlingi, the primary vector of falciparum malaria in the peruvian amazon},
year={2006},
pages={3-11},
organization={The american society of tropical medecine and hygiene}
}

@Article
{ref13,
author={Minakawa, Noboru AND Mutero, Clifford AND I. Githure, John AND C.Beier, John},
title={Spatial distribution and habitat characterization of anopheline mosquito larve in western Kenya},
year={1999},
organization={The american society of tropical medecine and hygiene}
}

@Article
{ref14,
author={Krefis, Anne Caroline AND Schwarz, Norbert Georg AND Knrumah, Beranrd AND Acquah, Samuel AND Loag, Wibke AND Oldeland, Jens AND Sarpong, Nimako AND Adu-Sarkodie, Yaw AND Ranft, Ulrich AND May, Jürgen},
title={Spatial Analysis of Land Cover Determinants of Malaria Incidence in the Ashanti Region, Ghana},
year={2011},
month={March},
pages={1-9}
}

@Article
{ref15,
author={Herbreteau, V. AND Salem, G. and Souris, M. and Hugot, J-P. AND Gonzalez J-P.},
title={Sizing up human health through Remote Sensing: uses and misuses},
year={2005},
journal={Parassitologia},
pages={63-75}
}

@Article
{ref16,
author={Ermert, Volker AND Fink,Andreas H. AND Jones, Anne E, AND Morse, Andrew P.},
title={Development of a new version of the Liverpool Malaria Model. I. Refining the parameter setting and mathematical formulation of basic processes based on a literature review},
year={2011},
journal={Ermert et al. Malaria Journal 2011}
}

@Article
{ref17,
author={Ermert, Volker AND Fink,Andreas H. AND Jones, Anne E, AND Morse, Andrew P.},
title={Development of a new version of the Liverpool Malaria Model. II. Calibration and validation for West Africa},
year={2011},
journal={Ermert et al. Malaria Journal 2011}
}

@Article
{ref18,
author={Abeku, Tarekegn A. AND Hay, Simon I. AND Ochola, Samuel AND Langi, Peter AND Beard, Brian AND de Vlas, Sake J. AND Cox Jonathan},
title={Malaria epidemic early warning and detection in African highlands},
year={2004},
month={September},
journal={Trends in Parasitology},
pages={400-405}
}

@Article
{ref19,
author={Protopopoff, Natacha AND Van Bortel, Wim And Speybroeck, Niko AND Van Geertruyden, Jean-Pierre AND Baza, Dismas AND D'Allessandro, Umberto AND Coosemand, Marc},
title={Ranking Malaria Risk Factors to Guide Malaria Control Efforts in African Highlands},
year={2009},
month={November},
}