@phdthesis{ElKader2006,
   author = {Abd-el-Kader, Yann},
   title = {Conception et exploitation d’une base de métadonnées de traitements informatiques, représentation opérationnelle des connaissances d’expert},
   university = {University of Caen},
   year = {2006}
}

@techreport{ANAES2012,
   author = {Santé, Agence Nationale d’Accréditation et d’Évaluation en},
   title = {Construction et utilsation des indicateurs dans le domaine de la santé},
   institution = {Agence Nationale d’Accréditation et d’Évaluation en Santé },
   year = {2002}
}

@article{Ermert2011,
   author = {Ermert, Volker and Fink, Andreas H. and Jones, Anne E. and Morse, Andrew P.},
   title = {Development of a new version of the Liverpool Malaria Model. I. Refining the parameter settings and mathematical formulation of basic processes based on a literature review},
   journal = {Malaria Journal},
   pages = {17},
   year = {2011}
}

@article{Ermert2011,
   author = {Ermert, Volker and Fink, Andreas H. and Jones, Anne E. and Morse, Andrew P.},
   title = {Development of a new version of the Liverpool Malaria Model. II. Calibration and validation for West Africa},
   journal = {Malaria Journal},
   year = {2011}
}

@techreport{
   author = {Gaudart, Jean and Dessay, Nadine and Touré, Ousmane and Fané, Moussa and Sabatier, Philippe and Doumbo, Ogobara},
   title = {Développement d’une méthodologie appliquée à l’évaluation du
risque palustre, au Mali},

}

@article{Vittor2006,
   author = {VITTOR, AMY YOMIKO and GILMAN, ROBERT H. and TIELSCH, JAMES and GLASS, GREGORY and SHIELDS, TIM and LOZANO, WAGNER SÁNCHEZ and PINEDO-CANCINO, VIVIANA and PATZ, JONATHAN A.},
   title = {The effects of deforestation on the human-biting rate of anopheles darlingin, the primary vector of falciparum malaria in the peruvian amazon
THE EFFECT OF DEFORESTATION ON THE HUMAN-BITING RATE OF
ANOPHELES DARLINGI, THE PRIMARY VECTOR OF FALCIPARUM MALARIA IN
THE PERUVIAN AMAZON},
   journal = {Am. J. Trop. Med. Hyg},
   volume = {74(1)},
   pages = {9},
   year = {2006}
}

@article{Connor1998,
   author = {Connor, Stephen J. and Thomson, Madeleine C. and Flasse, Stephane P. and Perryman, Anita H.},
   title = {Environmental Inforamtion Systems in Malaria Risk Mapping and Epidemic Forecasting},
   journal = {Disaster},
   volume = {22(1)},
   pages = {18},
   year = {1998}
}

@article{Guthmann2001,
   author = {Guthmann, J.-P. and Hall, A.J. and Jaffar, S and Palacios, A and Lines, J and Llanos-Cuentas, A},
   title = {Environmental risk factors for clinical malaria: a cose-control study in the Grau region of Peru},
   journal = {Transactions of the royal society of tropical medecine and hygiene},
   volume = {95},
   pages = {7},
   year = {2001}
}

@article{Stefani2011,
   author = {Stefani, Aurélia and Hanf, Matthieu and Nacher, Mathieu and Girod, Romain and Carme, Bernard},
   title = {Environmental, entomological, socioeconomic and behavioural risk factors for malaria attacks in Amerindian children of Camopi, French Guiana},
   journal = {Malaria journal},
   pages = {12},
   year = {2011}
}

@article{Peterson2009,
   author = {Peterson, Ingrid and Borrell, Luisa N. and El-Sadr, Wafaa and Teklehaimanot, Awash},
   title = {Individual and Household Level Factors Associated with Malaria Incidence in a Highland Region of Ethiopia: A Multilevel Analysis},
   journal = {Am. J. Trop. Med. Hyg},
   volume = {80(1)},
   pages = {9},
   year = {2009}
}

@article{Graves2009,
   author = {Graves, Patricia M. and Richards, Frank O. and Ngondi, Jeremiah and Emerson, Paul M. and Shargie, Estifanos Biru and Endeshaw, Tekola and Ceccato, Pietro and Ejigsemahu, Yeshewamebrat and Mosher, Aryc W. and Hailemariam, Afework and Zerihun, Mulat and Teferi, Tesfaye and Ayele, Berhan and Mesele, Ayenew and Yohannes, Gideon and Tilahun, Abate and Gebrec, Teshome},
   title = {Individual, household and environmental risk factors for malaria infection in Amhara, Oromia and SNNP regions of Ethiopia},
   journal = {Elsevier},
   pages = {10},
   year = {2009}
}

@article{
   author = {Hibler, Michelle},
   title = {Le paludisme ne lâche pas prise},

}

@techreport{
   author = {de Savigny, Don },
   title = {Le paludisme, le tsunami silencieux d’Afrique},

}

@techreport{Klinkenberg2003,
   author = {Klinkenberg, Eveline and Hoek, Wim van der and Amerasinghe, Felix P. and Jayasinghe, Gayathri and Mutuwatte, Lal and Gunawardena, Dissanayake M.},
   title = {Malaria and Land Use: A Spatial and Temporal Risk Analysis in Southern Sri Lanka},
   institution = {International Water Management Institute},
   year = {2003}
}

@article{Abeku2004,
   author = {Abeku, Tarekegn A. and Hay, Simon I. and Ochola, Samuel and Langi, Peter and Beard, Brian and Vlas, Sake J. de and Cox, Jonathan},
   title = {Malaria epidemic early warning and detection in African highlands },
   journal = {Trends in Parasitology},
   volume = {20},
   year = {2004}
}

@phdthesis{Lin2011,
   author = {Lin, Yuan},
   title = {Méthodologie et composants pour la mise en oeuvre de workflows scientifiques},
   university = {Montpellier 2},
   year = {2011}
}

@article{Gaudart2009,
   author = {Gaudart, Jean and Touré, Ousmane and Dessay, Nadine and Dicko, Alassane and Ranque, Stéphane and Forest, Loic and Demongeot, Jacques and Doumbo, Ogobara K},
   title = {Modelling malaria incidence with environmental dependency in a locality of Sudanese savannah area, Mali},
   journal = {Malaria Journal},
   year = {2009}
}

@article{Omumbo2005,
   author = {Omumbo, J. A. and Hay, S. I. and Snow, R. W. and Tatem, A. J. and Rogers, D. J.},
   title = {Modelling malaria risk in East Africa at high-spatial resolution},
   journal = {Tropical Medicine and International Health},
   volume = {IO},
   pages = {10},
   year = {2005}
}

@article{Pullan2010,
   author = {Pullan, Rachel L and Bukirwa, Hasifa and Staedke, Sarah G and Snow, Robert W and Brooker, Simon},
   title = {Plasmodium infection and its risk factors in eastern Uganda},
   journal = {Malaria Journal},
   volume = {9},
   pages = {11},
   year = {2010}
}

@techreport{questquelepaludisme,
   author = {Faire reculer le paludisme, Organisation mondiale de la Santé},
   title = {Qu'est-ce que le paludisme?},
   year = {2010}
}

@article{Protopopoff2009,
   author = {Protopopoff, Natacha and Bortel, Wim Van and Speybroeck, Niko and Geertruyden, Jean-Pierre Van and Baza, Dismas and D’Alessandro, Umberto and Coosemans, Marc},
   title = {Ranking Malaria Risk Factors to Guide Malaria Control Efforts in African Highla},
   journal = {PLoS ONE},
   volume = {4(11)},
   year = {2009}
}

@article{Herbreteau2005,
   author = {Herbreteau, V. and Salem, G. and Souris, M. and Hugot, J-P. and Gonzalez, J-P.},
   title = {Sizing up human health through Remote Sensing: uses and misuses},
   journal = {Parassitologia},
   volume = {47},
   pages = {17},
   year = {2005}
}

@article{Krefis2011,
   author = {Krefis, Anne Caroline and Schwarz, Norbert Georg and Nkrumah, Bernard and Acquah, Samuel and Loag, Wibke and Oldeland, Jens and Sarpong, Nimako and Adu-Sarkodie, Yaw and Ranft, Ulrich and May, Jürgen},
   title = {Spatial Analysis of Land Cover Determinants of Malaria Incidence in the Ashanti Region, Ghana},
   journal = {Plosone},
   volume = {6(3)},
   year = {2011}
}

@article{Minakawa1999,
   author = {Minakawa, Noboru and Mutero, Clifford M. and Githure, HJohn I. and Beier, John C. and Yan, Guiyun},
   title = {SPATIAL DISTRIBUTION AND HABITAT CHARACTERIZATION OF ANOPHELINE MOSQUITO LARVAE IN WESTERN KENYA},
   journal = {AMm. J. Trop. Med. Hyg},
   number = {61(6)},
   year = {1999}
}

@article{Kleinschmidt2000,
   author = {Kleinschmidt, I and Bagayoko, M and Clarke, GPY and Craig, M and Sueur, D Le},
   title = {A spatial statisitical approach to malaria mapping},
   journal = {International Journal of Epidemiology},
   volume = {29},
   pages = {7},
   year = {2000}
}

@article{Loireau2007,
   author = {Loireau, Maud and Sghaier, Mongi and Fétoui, Mondher and Ba, Magatte and Abdelrazik, Mohamed and d’Herbès, Jean-Marc and Desconnets, Jean-Christophe and Leibovici, Didier and Debard, Stéphane and Delaître, Éric},
   title = {Système d’information sur l’environnement à l’échelle locale (Siel) pour évaluer le risque de désertification : situations comparées circumsahariennes (réseau Roselt)},
   journal = {Sécheresse},
   pages = {328-335},
   year = {2007}
}

@article{Safi2010,
   author = {Safi, N. and Adimi, F. and Soebiyanto, R.P. and Kiang, R.K.},
   title = {Toward Malaria risk prediction in Afghanistan using remote sensing},
   journal = {International Archives of the Photogrammetry, Remote Sensing and Spatial Information Science},
   volume = {XXXVIII},
   pages = {4},
   year = {2010}
}

@techreport{Adjuik1998,
   author = {Adjuik, Martin and Bagayoko, Magaran and Binka, Fred and Coetzee, Maureen and Cox, Jonathan and Craig, Marlies and Deichman, Uwe and deSavigny, Don and Fondjo, Etienne and Fraser, Colleen and Gouws, Eleanor and Kleinschmidt, Imo and Lemardeley, Pierre and Lengeler, Christian and leSueur, Dave and Omumbo, Judy and Snow, Bob and Sharp, Brian and Tanser, Frank and Teuscher, Thomas and Touré, Yéya},
   title = {Towards an Atlas of Malaria Risk in Africa},
   institution = {MARA/ARM Collaboration},
   year = {1998}
}

@article{
   author = {Machault, Vanessa and Vignolles, Cécile and Borchi, François and Vounatsou, Penelope and Pages, Frédéric and Briolant, Sébastien and Lacaux, Jean-Pierre and Rogier, Christophe},
   title = {The use of remotely sensed environmental data in the study of malaria},
   journal = {Geospatial Health},
   volume = {5(2)},
   pages = {151-168},
   keywords = {malaria, urban malaria, indicators, environment, remote sensing, satellites, statistics.},
   year = {2011}
}

